@inproceedings{Wacharamanotham2018,
 author = {Wacharamanotham, Chat and Kay, Matthew and Haroz, Steve and Guha, Shion and Dragicevic, Pierre},
 title = {Special Interest Group on Transparent Statistics Guidelines},
 booktitle = {Extended Abstracts of the 2018 CHI Conference on Human Factors in Computing Systems},
 series = {CHI EA '18},
 year = {2018},
 isbn = {978-1-4503-5621-3},
 location = {Montreal QC, Canada},
 pages = {SIG08:1--SIG08:4},
 articleno = {SIG08},
 numpages = {4},
 url = {http://doi.acm.org/10.1145/3170427.3185374},
 doi = {10.1145/3170427.3185374},
 acmid = {3185374},
 publisher = {ACM},
 address = {New York, NY, USA},
 keywords = {methodology, statistics, user studies},
} 

@inproceedings{Kay2017a,
 author = {Kay, Matthew and Haroz, Steve and Guha, Shion and Dragicevic, Pierre and Wacharamanotham, Chat},
 title = {Moving Transparent Statistics Forward at CHI},
 booktitle = {Proceedings of the 2017 CHI Conference Extended Abstracts on Human Factors in Computing Systems},
 series = {CHI EA '17},
 year = {2017},
 isbn = {978-1-4503-4656-6},
 location = {Denver, Colorado, USA},
 pages = {534--541},
 numpages = {8},
 url = {http://doi.acm.org/10.1145/3027063.3027084},
 doi = {10.1145/3027063.3027084},
 acmid = {3027084},
 publisher = {ACM},
 address = {New York, NY, USA},
 keywords = {methodology, quantitative methods, statistics, transparent statistics, user studies},
}

@inproceedings{Kay2016a,
 author = {Kay, Matthew and Haroz, Steve and Guha, Shion and Dragicevic, Pierre},
 title = {Special Interest Group on Transparent Statistics in HCI},
 booktitle = {Proceedings of the 2016 CHI Conference Extended Abstracts on Human Factors in Computing Systems},
 series = {CHI EA '16},
 year = {2016},
 isbn = {978-1-4503-4082-3},
 location = {San Jose, California, USA},
 pages = {1081--1084},
 numpages = {4},
 url = {http://doi.acm.org/10.1145/2851581.2886442},
 doi = {10.1145/2851581.2886442},
 acmid = {2886442},
 publisher = {ACM},
 address = {New York, NY, USA},
 keywords = {methodology, statistics, user studies},
} 
@inproceedings{Wacharamanotham2015,
 author = {Wacharamanotham, Chat and Subramanian, Krishna and V{\"o}lkel, Sarah Theres and Borchers, Jan},
 title = {Statsplorer: Guiding Novices in Statistical Analysis},
 booktitle = {Proceedings of the 33rd Annual ACM Conference on Human Factors in Computing Systems},
 series = {CHI '15},
 year = {2015},
 isbn = {978-1-4503-3145-6},
 location = {Seoul, Republic of Korea},
 pages = {2693--2702},
 numpages = {10},
 url = {http://doi.acm.org/10.1145/2702123.2702347},
 doi = {10.1145/2702123.2702347},
 acmid = {2702347},
 publisher = {ACM},
 address = {New York, NY, USA},
 keywords = {data analysis, data visualization, inferential statistics},
}
@inproceedings{Subramanian2018,
 author = {Subramanian, Krishna and Maas, Johannes and Ellers, Michael and Wacharamanotham, Chat and Voelker, Simon and Borchers, Jan},
 title = {StatWire: Visual Flow-based Statistical Programming},
 booktitle = {Extended Abstracts of the 2018 CHI Conference on Human Factors in Computing Systems},
 series = {CHI EA '18},
 year = {2018},
 isbn = {978-1-4503-5621-3},
 location = {Montreal QC, Canada},
 pages = {LBW104:1--LBW104:6},
 articleno = {LBW104},
 url = {http://doi.acm.org/10.1145/3170427.3188528},
 doi = {10.1145/3170427.3188528},
 acmid = {3188528},
 publisher = {ACM},
 address = {New York, NY, USA},
 keywords = {hybrid programming, statistical analysis ide, visual programming},
}

@misc{TransparentStats2018, 
	title={Transparent Statistics Guidelines}, 
	note={Available at https://transparentstats.github.io/guidelines}, 
	DOI = {10.5281/zenodo.1186169},
	author={Transparent Statistics in Human--Computer Interaction working group}, 
	year={2018}, 
	month={Apr}
}

@inproceedings{Cockburn2018,
 author = {Cockburn, Andy and Gutwin, Carl and Dix, Alan},
 title = {HARK No More: On the Preregistration of CHI Experiments},
 booktitle = {Proceedings of the 2018 CHI Conference on Human Factors in Computing Systems},
 series = {CHI '18},
 year = {2018},
 isbn = {978-1-4503-5620-6},
 location = {Montreal QC, Canada},
 pages = {141:1--141:12},
 articleno = {141},
 numpages = {12},
 url = {http://doi.acm.org/10.1145/3173574.3173715},
 doi = {10.1145/3173574.3173715},
 acmid = {3173715},
 publisher = {ACM},
 address = {New York, NY, USA},
 keywords = {experimental preregistration, file drawer effect, harking, nhst controversy, p-fishing, replication},
}
@article{Nosek2018,
	title = {The preregistration revolution},
	volume = {2017},
	issn = {0027-8424},
	url = {http://www.pnas.org/lookup/doi/10.1073/pnas.1708274114},
	doi = {10.1073/pnas.1708274114},
	journal = {Proceedings of the National Academy of Sciences},
	author = {Nosek, Brian A. and Ebersole, Charles R. and DeHaven, Alexander C. and Mellor, David T.},
	year = {2018},
	pmid = {29531091},
	note = {Citation Key: Nosek2018
ISBN: 0000000167},
	pages = {201708274},
	file = {Nosek et al. - 2018 - The preregistration revolution.pdf:/Users/pxy/Zotero/storage/GA8VGC92/Nosek et al. - 2018 - The preregistration revolution.pdf:application/pdf}
}

@book{Olson2014,
  title={Ways of Knowing in HCI},
  author={Olson, Judith S and Kellogg, Wendy A},
  volume={2},
  year={2014},
  publisher={Springer}
}

@article{Nosek2015,
  title={Promoting an open research culture},
  author={Nosek, Brian A and Alter, George and Banks, George C and Borsboom, Denny and Bowman, Sara D and Breckler, Steven J and Buck, Stuart and Chambers, Christopher D and Chin, Gilbert and Christensen, Garret and others},
  journal={Science},
  volume={348},
  number={6242},
  pages={1422--1425},
  year={2015},
  publisher={American Association for the Advancement of Science}
}


@inproceedings{Chuang2018,
 author = {Chuang, Lewis L. and Pfeil, Ulrike},
 title = {Transparency and Openness Promotion Guidelines for HCI},
 booktitle = {Extended Abstracts of the 2018 CHI Conference on Human Factors in Computing Systems},
 series = {CHI EA '18},
 year = {2018},
 isbn = {978-1-4503-5621-3},
 location = {Montreal QC, Canada},
 pages = {SIG04:1--SIG04:4},
 articleno = {SIG04},
 numpages = {4},
 url = {http://doi.acm.org/10.1145/3170427.3185377},
 doi = {10.1145/3170427.3185377},
 acmid = {3185377},
 publisher = {ACM},
 address = {New York, NY, USA},
 keywords = {methods, open science, replication},
} 

@article{Bryan2018,
author = {Jennifer Bryan},
title = {Excuse Me, Do You Have a Moment to Talk About Version Control?},
journal = {The American Statistician},
volume = {72},
number = {1},
pages = {20-27},
year  = {2018},
publisher = {Taylor & Francis},
doi = {10.1080/00031305.2017.1399928},
URL = {https://doi.org/10.1080/00031305.2017.1399928},
eprint = {https://doi.org/10.1080/00031305.2017.1399928}
}

@book{Xie2015,
author = {Xie, Yihui},
edition = {2nd},
publisher = {Taylor {\&} Francis},
title = {{Dynamic Documents with R and knitr}},
year = {2015}
}



@article {Kupferschmidt1192,
	author = {Kupferschmidt, Kai},
	title = {A recipe for rigor},
	volume = {361},
	number = {6408},
	pages = {1192--1193},
	year = {2018},
	doi = {10.1126/science.361.6408.1192},
	publisher = {American Association for the Advancement of Science},
	issn = {0036-8075},
	URL = {http://science.sciencemag.org/content/361/6408/1192},
	eprint = {http://science.sciencemag.org/content/361/6408/1192.full.pdf},
	journal = {Science}
}

@book{Cairns2008,
  title={Research methods for human-computer interaction},
  author={Cairns, Paul and Cox, Anna L},
  volume={12},
  year={2008},
  publisher={Cambridge University Press Cambridge}
}


@inproceedings{Boehner2007,
  title={How HCI interprets the probes},
  author={Boehner, Kirsten and Vertesi, Janet and Sengers, Phoebe and Dourish, Paul},
  booktitle={Proceedings of the SIGCHI conference on Human factors in computing systems},
  pages={1077--1086},
  year={2007},
  organization={ACM}
}

@article{Tong2012,
  title={Enhancing transparency in reporting the synthesis of qualitative research: ENTREQ},
  author={Tong, Allison and Flemming, Kate and McInnes, Elizabeth and Oliver, Sandy and Craig, Jonathan},
  journal={BMC medical research methodology},
  volume={12},
  number={1},
  pages={181},
  year={2012},
  publisher={BioMed Central}
}

@article{Obrien2014,
  title={Standards for reporting qualitative research: a synthesis of recommendations},
  author={O'brien, Bridget C and Harris, Ilene B and Beckman, Thomas J and Reed, Darcy A and Cook, David A},
  journal={Academic Medicine},
  volume={89},
  number={9},
  pages={1245--1251},
  year={2014},
  publisher={LWW}
}

@article{Moravcsik2014,
  title={Transparency: The revolution in qualitative research},
  author={Moravcsik, Andrew},
  journal={PS: Political Science \& Politics},
  volume={47},
  number={1},
  pages={48--53},
  year={2014},
  publisher={Cambridge University Press}
}

@article{Schwandt2007,
  title={Judging interpretations: But is it rigorous? Trustworthiness and authenticity in naturalistic evaluation},
  author={Schwandt, Thomas A and Lincoln, Yvonna S and Guba, Egon G},
  journal={New directions for evaluation},
  volume={2007},
  number={114},
  pages={11--25},
  year={2007},
  publisher={Wiley Online Library}
}

@article{Shenton2004,
  title={Strategies for ensuring trustworthiness in qualitative research projects},
  author={Shenton, Andrew K},
  journal={Education for information},
  volume={22},
  number={2},
  pages={63--75},
  year={2004},
  publisher={IOS press}
}

@inproceedings{Ahmed2017,
  title={Privacy, security, and surveillance in the Global South: A study of biometric mobile SIM registration in Bangladesh},
  author={Ahmed, Syed Ishtiaque and Haque, Md Romael and Guha, Shion and Rifat, Md Rashidujjaman and Dell, Nicola},
  booktitle={Proceedings of the 2017 CHI Conference on Human Factors in Computing Systems},
  pages={906--918},
  year={2017},
  organization={ACM}
}



@inproceedings{Echtler2018,
 author = {Echtler, Florian and H{\"a}u{\ss}ler, Maximilian},
 title = {Open Source, Open Science, and the Replication Crisis in HCI},
 booktitle = {Extended Abstracts of the 2018 CHI Conference on Human Factors in Computing Systems},
 series = {CHI EA '18},
 year = {2018},
 isbn = {978-1-4503-5621-3},
 location = {Montreal QC, Canada},
 pages = {alt02:1--alt02:8},
 articleno = {alt02},
 numpages = {8},
 url = {http://doi.acm.org/10.1145/3170427.3188395},
 doi = {10.1145/3170427.3188395},
 acmid = {3188395},
 publisher = {ACM},
 address = {New York, NY, USA},
 keywords = {hci, open science, open source, replication},
} 
